<?xml version="1.0" encoding="UTF-8"?><collection xmlns="http://www.loc.gov/MARC21/slim"><record><leader>00420nam--2200157-i-4500</leader><controlfield tag="001">000014941</controlfield><controlfield tag="002">20161230</controlfield><controlfield tag="005">20170212005802</controlfield><controlfield tag="008">060222s1000------------r-----000-0-eng-d</controlfield><datafield ind1=" " ind2=" " tag="100"><subfield code="a">Ceacareanu, Dumitru M</subfield></datafield><datafield ind1=" " ind2=" " tag="245"><subfield code="a">Chimia coloizilor si suprafetelor. Metode experimentale</subfield></datafield><datafield ind1=" " ind2=" " tag="260"><subfield code="a">Bucuresti</subfield><subfield code="b">Editura Tehnica</subfield><subfield code="c">1976</subfield></datafield><datafield ind1=" " ind2=" " tag="300"><subfield code="a">418 p</subfield></datafield><datafield ind1=" " ind2=" " tag="700"><subfield code="a">Mandru, Ilie</subfield></datafield><datafield ind1=" " ind2=" " tag="852"><subfield code="a">541.18</subfield></datafield><datafield ind1=" " ind2=" " tag="CAT"><subfield code="a">SYS</subfield><subfield code="c">20170212</subfield><subfield code="h">005802</subfield></datafield></record></collection>